@MISC{WEBSITE:1,
	HOWPUBLISHED = "\url{http://mathworld.wolfram.com/SimplicialComplex.html}",
	AUTHOR = "Weisstein, Eric W.",
	TITLE = "Simplicial Complex",
	NOTE = "Accessed on 2018-03-26"
}